% Encoding: UTF-8

@Book{Rabin2009,
  title         = {Introduction to game development},
  publisher     = {Nelson Education},
  year          = {2009},
  author        = {Rabin, Steve},
  __markedentry = {[samue:6]},
}

@TechReport{NEWZOO18,
  author      = {Newzoo},
  title       = {2018 Insights Into Brazil's Game Market},
  institution = {Newzoo},
  year        = {2018},
  url         = {https://newzoo.com/wp-content/uploads/2018/07/Infographic_Brazil.png},
}

@Booklet{PGB2019,
  title = {Principais diferen√ßas entre o Gamer Casual e um Hardcore Gamer.},
  url   = {https://www.pesquisagamebrasil.com.br/wp-content/uploads/2019/05/Casual_x_Hardcore-1.png},
}

@Comment{jabref-meta: databaseType:bibtex;}
